% http://www.ieee.org/documents/ieeecitationref.pdf

% WWW
% Basic Format: [1] J. K. Author. (year, month day). Title (edition) [Type of medium]. Available: http://www.(URL) 

@Www{rockbotEnterprise,
  Title                    = {Music that engages customers},
  Author                   = "{Rockbot Inc.}",
  Date                     = {2014-09-16},
  Url                      = {https://rockbot.com/business/enterprise},

  Owner                    = {Jens},
  Timestamp                = {2014.09.16}
}

@Www{spotifyBusiness,
  Title                    = {International},
  Author                   = "{Soundtrack Your Brand}",
  Date                     = {2014-10-07},
  Url                      = {https://www.soundtrackyourbrand.com/why-spotify-business}
}

@Www{rockbotBlog,
  Title                    = {The Scoop on Rockbot DJ Levels},
  Author                   = {Lara Rosenbaum},
  Date                     = {2013-12},
  Url                      = {http://blog.rockbot.com/blog/scoop-rockbot-dj-levels},

  Owner                    = {Jens},
  Timestamp                = {2014.09.16}
}

@Www{rockbotFeatures,
  Title                    = {The best music for business},
  Author                   = "{Rockbot Inc.}",
  Date                     = {2014-09-16},
  Url                      = {https://rockbot.com/business/features},

  Owner                    = {Jens},
  Timestamp                = {2014.09.16}
}

@Www{secretDJ,
  Title                    = {SecretDJ},
  Author                   = "{c-burn systems Ltd}",
  Date                     = {2014-09-15},
  Url                      = {http://www.secretdj.com/},

  Owner                    = {Kasper},
  Timestamp                = {2014.09.15}
}

@book{mathiassen2001objektorienteret,
  title={Objektorienteret analyse \& design},
  author={Mathiassen, Lars and Munk-Madsen, Andreas and Nielsen, Peter Axel and Stage, Jan},
  isbn={9788777511530},
  year={2001},
  location={Aalborg},
  edition={3. udgave},
  publisher={Forlaget Marko}
}

@book{benyon2013designing,
  title={Designing Interactive Systems: A Comprehensive Guide to HCI, UX and Interaction Design},
  author={Benyon, David},
  isbn={9780321435330},
  edition={2nd edition},
  year={2010},
  publisher={Pearson Education Canada}
}


@Www{yinyangsource,
  Title                    = {Yinyang (Yin-yang)},
  Author                   = "{Robin R. Wang}",
  Date                     = {2014-10-07},
  Url                      = {http://www.iep.utm.edu/yinyang/},

  Owner                    = {Heider},
  Timestamp                = {2014.10.07}
}

@book{RubinChisnellSpool08,
  title = {Handbook of Usability Testing: How to Plan, Design, and Conduct Effective Tests}, 
  author = {Rubin, Jeffrey and Chisnell, Dana and Spool, Jared},
  edition = {2nd edition},
  isbn = {9780470185483},
  publisher = {Wiley},
  year = {2008}
}

%http://www.nngroup.com/articles/ten-usability-heuristics/
@book{JakobNielsen1994,
  title = {Usability Inspection Methods}, 
  author = {Jakob Nielsen},
  edition = {1 edition},
  isbn = {9780471018773},
  publisher = {Wiley},
  year = {1994}
}

@inproceedings{Kjeldskov2004,
 author = {Kjeldskov, Jesper and Skov, Mikael B. and Stage, Jan},
 title = {Instant Data Analysis: Conducting Usability Evaluations in a Day},
 booktitle = {Proceedings of the Third Nordic Conference on Human-computer Interaction},
 series = {NordiCHI '04},
 year = {2004},
 isbn = {1-58113-857-1},
 location = {Tampere, Finland},
 pages = {233--240},
 numpages = {8},
 url = {http://doi.acm.org/10.1145/1028014.1028050},
 doi = {10.1145/1028014.1028050},
 acmid = {1028050},
 publisher = {ACM},
 address = {New York, NY, USA},
 keywords = {data analysis, discount usability, usability evaluation},
}